@misc{khanacademy,
	URL = "https://www.khanacademy.org/math/linear-algebra/vectors-and-spaces/dot-cross-products/v/point-distance-to-plane"
}
